<?xml version="1.0" encoding="UTF-8"?><collection xmlns="http://www.loc.gov/MARC21/slim"><record><leader>00452nam--2200133-i-4500</leader><controlfield tag="001">000007240</controlfield><controlfield tag="002">20161230</controlfield><controlfield tag="005">20161230201027</controlfield><controlfield tag="008">060222s1000------------r-----000-0-eng-d</controlfield><datafield ind1=" " ind2=" " tag="245"><subfield code="a">Brandeis summer institute in theoretical physi cs, 1964: vol.1: lectures on general relativity</subfield></datafield><datafield ind1=" " ind2=" " tag="260"><subfield code="a">Englewood Cliffs, N.J., Prentice-hall.Inc., 1965</subfield></datafield><datafield ind1=" " ind2=" " tag="490"><subfield code="a">Vii + 459 P</subfield></datafield><datafield ind1=" " ind2=" " tag="700"><subfield code="a">Trautman, A., Pirani, F.A.E., Bondi, H./S.A.</subfield></datafield><datafield ind1=" " ind2=" " tag="852"><subfield code="a">539.12(042.4):530.145</subfield></datafield></record></collection>